@manual{logo_sm,
    author = {Siemens},
    title = {LOGO! Manual https://support.industry.siemens.com/cs/document/109753032/logo!-0ba6-?dti=0&pnid=13618&lc=en-WW},
    year = 2017,
    language = {English},
    month = 10,
    organization = {Siemens},
    url = {https://support.industry.siemens.com/cs/document/109753032/logo!-0ba6-?dti=0&pnid=13618&lc=en-WW},
    }

@manual{logo_pw,
    author = {Siemens},
    title = {LOGO! Power manual},
    year = 2017,
    language = {English},
    month = 07,
    organization = {Siemens},
    }

@ONLINE{BR18:Online,
author = {Trafik-, Bygge- og Boligstyrelsen},
title = { http://bygningsreglementet.dk/Tekniske-bestemmelser/22/Krav},
    }
